
@article{yang_deep_2020,
	author = {Yang, Hongyang and Liu, Xiao-Yang and Zhong, Shan and Walid, Anwar},
	journal = {SSRN Electronic Journal},
	title = {Deep {Reinforcement} {Learning} for {Automated} {Stock} {Trading}: {An} {Ensemble} {Strategy}},
	year = {2020}}

@article{singh_improving_nodate,
	author = {Singh, Rahul and Zhang, Qinsheng and Chen, Yongxin},
	pages = {11},
	title = {Improving {Robustness} via {Risk} {Averse} {Distributional} {Reinforcement} {Learning}}}

@article{shen_risk-sensitive_2014,
	author = {Shen, Yun and Tobia, Michael J. and Sommer, Tobias and Obermayer, Klaus},
	journal = {Neural Computation},
	month = jul,
	number = {7},
	pages = {1298--1328},
	title = {Risk-sensitive {Reinforcement} {Learning}},
	volume = {26},
	year = {2014}}

@inproceedings{shen_risk-averse_2014,
	author = {Shen, Yun and Huang, Ruihong and Yan, Chang and Obermayer, Klaus},
	pages = {391--398},
	publisher = {IEEE},
	title = {Risk-averse {Reinforcement} {Learning} for {Algorithmic} {Trading}},
	year = {2014}}

@article{fei_exponential_nodate,
	author = {Fei, Yingjie and Yang, Zhuoran and Chen, Yudong and Wang, Zhaoran},
	pages = {24},
	title = {Exponential {Bellman} {Equation} and {Improved} {Regret} {Bounds} for {Risk}-{Sensitive} {Reinforcement} {Learning}}}

@article{dabney_distributional_2018,
	author = {Dabney, Will and Rowland, Mark and Bellemare, Marc and Munos, R{\'e}mi},
	journal = {Proceedings of the AAAI Conference on Artificial Intelligence},
	month = apr,
	number = {1},
	title = {Distributional {Reinforcement} {Learning} {With} {Quantile} {Regression}},
	volume = {32},
	year = {2018}}

@inproceedings{bellemare_distributional_2017,
	author = {Bellemare, Marc G and Dabney, Will and Munos, Remi},
	booktitle = {Proceedings of the 34th {International} {Conference} on {Machine} {Learning}},
	pages = {10},
	title = {A {Distributional} {Perspective} on {Reinforcement} {Learning}},
	year = {2017}}


@article{zhang_deep_2020,
	author = {Zhang, Zihao and Zohren, Stefan and Roberts, Stephen},
	journal = {The Journal of Financial Data Science},
	month = oct,
	number = {4},
	pages = {8--20},
	title = {Deep {Learning} for {Portfolio} {Optimization}},
	volume = {2},
	year = {2020}}


@inproceedings{bodnar_quantile_2020,
	author = {Bodnar, Cristian and Li, Adrian and Hausman, Karol and Pastor, Peter and Kalakrishnan, Mrinal},
	booktitle = {Robotics: {Science} and {Systems} {XVI}},
	month = jul,
	title = {Quantile {QT}-{Opt} for {Risk}-{Aware} {Vision}-{Based} {Robotic} {Grasping}},
	year = {2020}}
	
	
@article{dabney_implicit_2018,
	author = {Dabney, Will and Ostrovski, Georg and Silver, David and Munos, R{\'e}mi},
	pages = {1104--1113},
	journal = {In International Conference on Machine Learning},
	title = {Implicit {Quantile} {Networks} for {Distributional} {Reinforcement} {Learning}},
	year = {2018}}


